%YAML 1.1
%TAG !u! tag:unity3d.com,2011:
--- !u!1 &107086
GameObject:
  m_ObjectHideFlags: 0
  m_PrefabParentObject: {fileID: 0}
  m_PrefabInternal: {fileID: 100100000}
  serializedVersion: 4
  m_Component:
  - 4: {fileID: 429986}
  - 212: {fileID: 21284238}
  - 50: {fileID: 5014484}
  - 61: {fileID: 6109774}
  - 114: {fileID: 11477890}
  - 114: {fileID: 11422472}
  - 114: {fileID: 11449082}
  - 114: {fileID: 11461108}
  - 114: {fileID: 11452820}
  - 114: {fileID: 11421170}
  - 114: {fileID: 11454510}
  - 114: {fileID: 11466024}
  - 114: {fileID: 11431400}
  m_Layer: 8
  m_Name: Main Player_Mini
  m_TagString: Untagged
  m_Icon: {fileID: 0}
  m_NavMeshLayer: 0
  m_StaticEditorFlags: 0
  m_IsActive: 1
--- !u!1 &122502
GameObject:
  m_ObjectHideFlags: 0
  m_PrefabParentObject: {fileID: 0}
  m_PrefabInternal: {fileID: 100100000}
  serializedVersion: 4
  m_Component:
  - 4: {fileID: 428968}
  - 212: {fileID: 21295000}
  m_Layer: 8
  m_Name: Aimer
  m_TagString: Untagged
  m_Icon: {fileID: 0}
  m_NavMeshLayer: 0
  m_StaticEditorFlags: 0
  m_IsActive: 1
--- !u!4 &428968
Transform:
  m_ObjectHideFlags: 1
  m_PrefabParentObject: {fileID: 0}
  m_PrefabInternal: {fileID: 100100000}
  m_GameObject: {fileID: 122502}
  m_LocalRotation: {x: 0, y: 0, z: 0, w: 1}
  m_LocalPosition: {x: 0, y: 0, z: 0}
  m_LocalScale: {x: 1, y: 1, z: 1}
  m_Children: []
  m_Father: {fileID: 429986}
  m_RootOrder: 0
--- !u!4 &429986
Transform:
  m_ObjectHideFlags: 1
  m_PrefabParentObject: {fileID: 0}
  m_PrefabInternal: {fileID: 100100000}
  m_GameObject: {fileID: 107086}
  m_LocalRotation: {x: 0, y: 0, z: 0, w: 1}
  m_LocalPosition: {x: 138.800003, y: 20.3999996, z: 0}
  m_LocalScale: {x: 1, y: 1, z: 1}
  m_Children:
  - {fileID: 428968}
  m_Father: {fileID: 0}
  m_RootOrder: 0
--- !u!50 &5014484
Rigidbody2D:
  serializedVersion: 2
  m_ObjectHideFlags: 1
  m_PrefabParentObject: {fileID: 0}
  m_PrefabInternal: {fileID: 100100000}
  m_GameObject: {fileID: 107086}
  m_Mass: 1
  m_LinearDrag: 15
  m_AngularDrag: .0500000007
  m_GravityScale: 10
  m_IsKinematic: 1
  m_Interpolate: 0
  m_SleepingMode: 1
  m_CollisionDetection: 0
  m_Constraints: 0
--- !u!61 &6109774
BoxCollider2D:
  m_ObjectHideFlags: 1
  m_PrefabParentObject: {fileID: 0}
  m_PrefabInternal: {fileID: 100100000}
  m_GameObject: {fileID: 107086}
  m_Enabled: 1
  m_Material: {fileID: 0}
  m_IsTrigger: 0
  m_UsedByEffector: 0
  m_Offset: {x: 0, y: 0}
  serializedVersion: 2
  m_Size: {x: .389999986, y: .920000017}
--- !u!114 &11421170
MonoBehaviour:
  m_ObjectHideFlags: 1
  m_PrefabParentObject: {fileID: 0}
  m_PrefabInternal: {fileID: 100100000}
  m_GameObject: {fileID: 107086}
  m_Enabled: 1
  m_EditorHideFlags: 0
  m_Script: {fileID: 11500000, guid: 5e70c8de69362784e9cf8bfc64d02b6a, type: 3}
  m_Name: 
  m_EditorClassIdentifier: 
  wayPoints: []
--- !u!114 &11422472
MonoBehaviour:
  m_ObjectHideFlags: 1
  m_PrefabParentObject: {fileID: 0}
  m_PrefabInternal: {fileID: 100100000}
  m_GameObject: {fileID: 107086}
  m_Enabled: 1
  m_EditorHideFlags: 0
  m_Script: {fileID: 11500000, guid: 76519c1c4d98d4456946a6a6225e9cf0, type: 3}
  m_Name: 
  m_EditorClassIdentifier: 
  autoMove: 0
  moveSpeed: {x: 0, y: 0, z: 0}
  horizontalInput: Horizontal Movement
  jumpInput: Jump
  runInput: 
  gravity: -50
  walkSpeed: 5.5
  runSpeed: 5.5
  groundDamping: 30
  inAirDamping: 5
  jumpHeight: 1
  runJumpHeight: 2
  stopRisingSpeed: 20
  riseGravity: -25
  fallGravity: -50
  minRiseTime: .100000001
  minVerticalSpeed: -10
  maxVerticalSpeed: 10
  playerId: 0
  horizontalKickback: 6.78000021
  verticalKickback: 4.6500001
  lockWallJump: 0
  isFacingRight: 0
--- !u!114 &11431400
MonoBehaviour:
  m_ObjectHideFlags: 1
  m_PrefabParentObject: {fileID: 0}
  m_PrefabInternal: {fileID: 100100000}
  m_GameObject: {fileID: 107086}
  m_Enabled: 1
  m_EditorHideFlags: 0
  m_Script: {fileID: 11500000, guid: 04ccc39c6313d1148ab6ab98c9d872ad, type: 3}
  m_Name: 
  m_EditorClassIdentifier: 
--- !u!114 &11449082
MonoBehaviour:
  m_ObjectHideFlags: 1
  m_PrefabParentObject: {fileID: 0}
  m_PrefabInternal: {fileID: 100100000}
  m_GameObject: {fileID: 107086}
  m_Enabled: 1
  m_EditorHideFlags: 0
  m_Script: {fileID: 11500000, guid: 4fc997fcbb427ed4681a64cc33bcb4e4, type: 3}
  m_Name: 
  m_EditorClassIdentifier: 
  distanceOut: 1
  sphere: {fileID: 428968}
  arrow: {fileID: 190108, guid: 90ac9f43942f3e041856363c765956f2, type: 2}
  playerId: 0
  debugDirection: {x: 0, y: 0}
  useMouse: 0
--- !u!114 &11452820
MonoBehaviour:
  m_ObjectHideFlags: 1
  m_PrefabParentObject: {fileID: 0}
  m_PrefabInternal: {fileID: 100100000}
  m_GameObject: {fileID: 107086}
  m_Enabled: 1
  m_EditorHideFlags: 0
  m_Script: {fileID: 11500000, guid: 3743c85b70f7bd746a2dfad62b87b78e, type: 3}
  m_Name: 
  m_EditorClassIdentifier: 
  health:
    min: 0
    current: 5
    max: 5
  destoryOnNoHealth: 1
  damageType: 0
--- !u!114 &11454510
MonoBehaviour:
  m_ObjectHideFlags: 1
  m_PrefabParentObject: {fileID: 0}
  m_PrefabInternal: {fileID: 100100000}
  m_GameObject: {fileID: 107086}
  m_Enabled: 1
  m_EditorHideFlags: 0
  m_Script: {fileID: 11500000, guid: 48cd1ad82b9b76b4d9420e0e8651bb74, type: 3}
  m_Name: 
  m_EditorClassIdentifier: 
  logEnter: 0
  logStay: 0
  logExit: 0
--- !u!114 &11461108
MonoBehaviour:
  m_ObjectHideFlags: 1
  m_PrefabParentObject: {fileID: 0}
  m_PrefabInternal: {fileID: 100100000}
  m_GameObject: {fileID: 107086}
  m_Enabled: 0
  m_EditorHideFlags: 0
  m_Script: {fileID: 11500000, guid: b86a004eb907a96479b8cf43c7c4be58, type: 3}
  m_Name: 
  m_EditorClassIdentifier: 
  deathHeight: -3
--- !u!114 &11466024
MonoBehaviour:
  m_ObjectHideFlags: 1
  m_PrefabParentObject: {fileID: 0}
  m_PrefabInternal: {fileID: 100100000}
  m_GameObject: {fileID: 107086}
  m_Enabled: 1
  m_EditorHideFlags: 0
  m_Script: {fileID: 11500000, guid: 7d864369622e42746bd2e6e08db2b3d5, type: 3}
  m_Name: 
  m_EditorClassIdentifier: 
  onEnter:
    m_PersistentCalls:
      m_Calls:
      - m_Target: {fileID: 11454510}
        m_MethodName: OnEnter
        m_Mode: 0
        m_Arguments:
          m_ObjectArgument: {fileID: 0}
          m_ObjectArgumentAssemblyTypeName: UnityEngine.Object, UnityEngine
          m_IntArgument: 0
          m_FloatArgument: 0
          m_StringArgument: 
          m_BoolArgument: 0
        m_CallState: 2
      - m_Target: {fileID: 11421170}
        m_MethodName: WayPointTracker_onEnter
        m_Mode: 0
        m_Arguments:
          m_ObjectArgument: {fileID: 0}
          m_ObjectArgumentAssemblyTypeName: UnityEngine.Object, UnityEngine
          m_IntArgument: 0
          m_FloatArgument: 0
          m_StringArgument: 
          m_BoolArgument: 0
        m_CallState: 2
      - m_Target: {fileID: 11431400}
        m_MethodName: WayPointTracker_onEnter
        m_Mode: 0
        m_Arguments:
          m_ObjectArgument: {fileID: 0}
          m_ObjectArgumentAssemblyTypeName: UnityEngine.Object, UnityEngine
          m_IntArgument: 0
          m_FloatArgument: 0
          m_StringArgument: 
          m_BoolArgument: 0
        m_CallState: 2
    m_TypeName: CharacterController2DEvent, Assembly-CSharp, Version=0.0.0.0, Culture=neutral,
      PublicKeyToken=null
  onStay:
    m_PersistentCalls:
      m_Calls:
      - m_Target: {fileID: 11454510}
        m_MethodName: OnExit
        m_Mode: 0
        m_Arguments:
          m_ObjectArgument: {fileID: 0}
          m_ObjectArgumentAssemblyTypeName: UnityEngine.Object, UnityEngine
          m_IntArgument: 0
          m_FloatArgument: 0
          m_StringArgument: 
          m_BoolArgument: 0
        m_CallState: 2
    m_TypeName: CharacterController2DEvent, Assembly-CSharp, Version=0.0.0.0, Culture=neutral,
      PublicKeyToken=null
  onExit:
    m_PersistentCalls:
      m_Calls:
      - m_Target: {fileID: 11454510}
        m_MethodName: OnExit
        m_Mode: 0
        m_Arguments:
          m_ObjectArgument: {fileID: 0}
          m_ObjectArgumentAssemblyTypeName: UnityEngine.Object, UnityEngine
          m_IntArgument: 0
          m_FloatArgument: 0
          m_StringArgument: 
          m_BoolArgument: 0
        m_CallState: 2
      - m_Target: {fileID: 11431400}
        m_MethodName: WayPointTracker_onExit
        m_Mode: 0
        m_Arguments:
          m_ObjectArgument: {fileID: 0}
          m_ObjectArgumentAssemblyTypeName: UnityEngine.Object, UnityEngine
          m_IntArgument: 0
          m_FloatArgument: 0
          m_StringArgument: 
          m_BoolArgument: 0
        m_CallState: 2
    m_TypeName: CharacterController2DEvent, Assembly-CSharp, Version=0.0.0.0, Culture=neutral,
      PublicKeyToken=null
--- !u!114 &11477890
MonoBehaviour:
  m_ObjectHideFlags: 1
  m_PrefabParentObject: {fileID: 0}
  m_PrefabInternal: {fileID: 100100000}
  m_GameObject: {fileID: 107086}
  m_Enabled: 1
  m_EditorHideFlags: 0
  m_Script: {fileID: 11500000, guid: c6c3f352d6f4b4072b120a893445129f, type: 3}
  m_Name: 
  m_EditorClassIdentifier: 
  usePhysicsForMovement: 0
  _skinWidth: .0199999996
  platformMask:
    serializedVersion: 2
    m_Bits: 4294965759
  triggerMask:
    serializedVersion: 2
    m_Bits: 1024
  oneWayPlatformMask:
    serializedVersion: 2
    m_Bits: 512
  slopeLimit: 47.7000008
  jumpingThreshold: .0700000003
  slopeSpeedMultiplier:
    serializedVersion: 2
    m_Curve:
    - time: 0
      value: 1
      inSlope: 0
      outSlope: 0
      tangentMode: 0
    - time: 1
      value: 1
      inSlope: 0
      outSlope: 0
      tangentMode: 0
    m_PreInfinity: 2
    m_PostInfinity: 2
  totalHorizontalRays: 8
  totalVerticalRays: 4
  triggerHelperBoxColliderScale: .949999988
  playerLayerMask:
    serializedVersion: 2
    m_Bits: 256
  hitMask:
    serializedVersion: 2
    m_Bits: 0
--- !u!212 &21284238
SpriteRenderer:
  m_ObjectHideFlags: 1
  m_PrefabParentObject: {fileID: 0}
  m_PrefabInternal: {fileID: 100100000}
  m_GameObject: {fileID: 107086}
  m_Enabled: 1
  m_CastShadows: 0
  m_ReceiveShadows: 0
  m_Materials:
  - {fileID: 10754, guid: 0000000000000000e000000000000000, type: 0}
  m_SubsetIndices: 
  m_StaticBatchRoot: {fileID: 0}
  m_UseLightProbes: 0
  m_ReflectionProbeUsage: 1
  m_ProbeAnchor: {fileID: 0}
  m_ScaleInLightmap: 1
  m_PreserveUVs: 0
  m_ImportantGI: 0
  m_AutoUVMaxDistance: .5
  m_AutoUVMaxAngle: 89
  m_LightmapParameters: {fileID: 0}
  m_SortingLayerID: 0
  m_SortingOrder: 1
  m_Sprite: {fileID: 21300000, guid: 1acbc27a4477eb8429986ba3ba9e86b0, type: 3}
  m_Color: {r: 1, g: 1, b: 1, a: 1}
--- !u!212 &21295000
SpriteRenderer:
  m_ObjectHideFlags: 1
  m_PrefabParentObject: {fileID: 0}
  m_PrefabInternal: {fileID: 100100000}
  m_GameObject: {fileID: 122502}
  m_Enabled: 1
  m_CastShadows: 0
  m_ReceiveShadows: 0
  m_Materials:
  - {fileID: 10754, guid: 0000000000000000e000000000000000, type: 0}
  m_SubsetIndices: 
  m_StaticBatchRoot: {fileID: 0}
  m_UseLightProbes: 1
  m_ReflectionProbeUsage: 1
  m_ProbeAnchor: {fileID: 0}
  m_ScaleInLightmap: 1
  m_PreserveUVs: 0
  m_ImportantGI: 0
  m_AutoUVMaxDistance: .5
  m_AutoUVMaxAngle: 89
  m_LightmapParameters: {fileID: 0}
  m_SortingLayerID: 0
  m_SortingOrder: 0
  m_Sprite: {fileID: 21300000, guid: 72295f5fe6d50474d8d46ffee03e1e9d, type: 3}
  m_Color: {r: 1, g: 1, b: 1, a: 1}
--- !u!1001 &100100000
Prefab:
  m_ObjectHideFlags: 1
  serializedVersion: 2
  m_Modification:
    m_TransformParent: {fileID: 0}
    m_Modifications:
    - target: {fileID: 0}
      propertyPath: m_LocalScale.x
      value: 1
      objectReference: {fileID: 0}
    - target: {fileID: 0}
      propertyPath: m_LocalScale.y
      value: 1
      objectReference: {fileID: 0}
    - target: {fileID: 0}
      propertyPath: m_LocalScale.z
      value: 1
      objectReference: {fileID: 0}
    m_RemovedComponents: []
  m_ParentPrefab: {fileID: 0}
  m_RootGameObject: {fileID: 107086}
  m_IsPrefabParent: 1
